<?xml version="1.0" encoding="UTF-8"?><record xmlns="http://www.loc.gov/MARC21/slim" xmlns:cinclude="http://apache.org/cocoon/include/1.0" xmlns:zs="http://www.loc.gov/zing/srw/">
  <leader>00512nz  a2200145n  4500</leader>
  <controlfield tag="001">n  86022433 </controlfield>
  <controlfield tag="003">DLC</controlfield>
  <controlfield tag="005">19860902094830.6</controlfield>
  <controlfield tag="008">860820n| acannaab|          |a ana ||| c</controlfield>
  <datafield tag="010" ind1=" " ind2=" ">
    <subfield code="a">n  86022433 </subfield>
  </datafield>
  <datafield tag="040" ind1=" " ind2=" ">
    <subfield code="a">NjP</subfield>
    <subfield code="c">DLC</subfield>
    <subfield code="d">DLC</subfield>
  </datafield>
  <datafield tag="110" ind1="2" ind2="0">
    <subfield code="a">Federação dos Trabalhadores na Agricultura do Estado de Goiás (Brazil)</subfield>
  </datafield>
  <datafield tag="410" ind1="2" ind2="0">
    <subfield code="a">FETAEG</subfield>
  </datafield>
  <datafield tag="410" ind1="2" ind2="0">
    <subfield code="a">F.E.T.A.E.G.</subfield>
  </datafield>
  <datafield tag="670" ind1=" " ind2=" ">
    <subfield code="a">O Bóia-fria no Estado de Goiás, between 1977 and 1984:</subfield>
    <subfield code="b">t.p. (Federação dos Trabalhadores na Agricultura do Estado de Goiás, FETAEG)</subfield>
  </datafield>
</record>